@techreport{index2015forecast,
  title={Forecast and Methodology, 2014-2019 White Paper},
  author={Index, Cisco Visual Networking},
  year={2015},
  institution={Technical Report, Cisco}
}

@inproceedings{zhang2015using,
  title={Using phoebus data transfer accelerator in cloud environments},
  author={Zhang, Miao and Kissel, Ezra and Swany, Martin},
  booktitle={Communications (ICC), 2015 IEEE International Conference on},
  pages={351--357},
  year={2015},
  organization={IEEE}
}

@inproceedings{akiyama2015saps,
  title={SAPS: Software Defined Network Aware Pub/Sub--A Design of the Hybrid Architecture Utilizing Distributed and Centralized Multicast},
  author={Akiyama, Toyokazu and Kawai, Yukiko and Teranishi, Yuuichi and Banno, Ryohei and Iida, Katsuyoshi},
  booktitle={Computer Software and Applications Conference (COMPSAC), 2015 IEEE 39th Annual},
  volume={2},
  pages={361--366},
  year={2015},
  organization={IEEE}
}

@article{jacobson2006new,
  title={A new way to look at networking},
  author={Jacobson, Van},
  journal={Google Tech Talk},
  volume={30},
  year={2006}
}

@inproceedings{jacobson2009networking,
  title={Networking named content},
  author={Jacobson, Van and Smetters, Diana K and Thornton, James D and Plass, Michael F and Briggs, Nicholas H and Braynard, Rebecca L},
  booktitle={Proceedings of the 5th international conference on Emerging networking experiments and technologies},
  pages={1--12},
  year={2009},
  organization={ACM}
}

@article{zhang2014named,
  title={Named data networking},
  author={Zhang, Lixia and Afanasyev, Alexander and Burke, Jeffrey and Jacobson, Van and Crowley, Patrick and Papadopoulos, Christos and Wang, Lan and Zhang, Beichuan and others},
  journal={ACM SIGCOMM Computer Communication Review},
  volume={44},
  number={3},
  pages={66--73},
  year={2014},
  publisher={ACM}
}

@article{perkins2010ip,
  title={IP mobility support for IPv4, revised},
  author={Perkins, Charles},
  year={2010}
}

@techreport{smetters2009securing,
  title={Securing network content},
  author={Smetters, Diana and Jacobson, Van},
  year={2009},
  institution={Citeseer}
}

@article{yuschematizing,
  title={Schematizing and Automating Trust in Named Data Networking},
  author={Yu, Yingdi and Afanasyev, Alexander and Clark, David and Jacobson, Van and Zhang, Lixia}
}

@techreport{yuconfidentiality,
  title={Content-base Confidentiality: lessons learned in the past year},
  author={Yingdi Yu},
  year={2015},
  institution={UCLA}
}

@inproceedings{afanasyev2013interest,
  title={Interest flooding attack and countermeasures in Named Data Networking},
  author={Afanasyev, Alexander and Mahadevan, Priya and Moiseenko, Ilya and Uzun, Ersin and Zhang, Lixia},
  booktitle={IFIP Networking Conference, 2013},
  pages={1--9},
  year={2013},
  organization={IEEE}
}

@article{conti2013lightweight,
  title={A lightweight mechanism for detection of cache pollution attacks in Named Data Networking},
  author={Conti, Mauro and Gasti, Paolo and Teoli, Marco},
  journal={Computer Networks},
  volume={57},
  number={16},
  pages={3178--3191},
  year={2013},
  publisher={Elsevier}
}

@inproceedings{acs2013cache,
  title={Cache privacy in named-data networking},
  author={Acs, Gergely and Conti, Marco and Gasti, Paolo and Ghali, Cesar and Tsudik, Gene},
  booktitle={Distributed Computing Systems (ICDCS), 2013 IEEE 33rd International Conference on},
  pages={41--51},
  year={2013},
  organization={IEEE}
}

@article{saltzer1984end,
  title={End-to-end arguments in system design},
  author={Saltzer, Jerome H and Reed, David P and Clark, David D},
  journal={ACM Transactions on Computer Systems (TOCS)},
  volume={2},
  number={4},
  pages={277--288},
  year={1984},
  publisher={ACM}
}

@inproceedings{paul2002survey,
  title={Survey of multicast routing algorithms and protocols},
  author={Paul, Pragyansmita and Raghavan, SV},
  booktitle={Proceedings of the international conference on computer communication},
  volume={15},
  number={3},
  pages={902},
  year={2002},
  organization={Citeseer}
}

@article{yupublic,
  title={Public Key Management in Named Data Networking},
  author={Yu, Yingdi}
}

@inproceedings{gasti2013and,
  title={Dos and ddos in named data networking},
  author={Gasti, Paolo and Tsudik, Gene and Uzun, Ersin and Zhang, Lixia},
  booktitle={Computer Communications and Networks (ICCCN), 2013 22nd International Conference on},
  pages={1--7},
  year={2013},
  organization={IEEE}
}

@inproceedings{compagno2013poseidon,
  title={Poseidon: Mitigating interest flooding DDoS attacks in named data networking},
  author={Compagno, Alberto and Conti, Marco and Gasti, Paolo and Tsudik, Gene},
  booktitle={Local Computer Networks (LCN), 2013 IEEE 38th Conference on},
  pages={630--638},
  year={2013},
  organization={IEEE}
}